<?xml version="1.0" encoding="UTF-8"?><collection xmlns="http://www.loc.gov/MARC21/slim"><record><leader>00431nam--2200121-i-4500</leader><controlfield tag="001">000025797</controlfield><controlfield tag="002">20161230</controlfield><controlfield tag="005">20161230201036</controlfield><controlfield tag="008">060222s1000------------r-----000-0-eng-d</controlfield><datafield ind1=" " ind2=" " tag="080"><subfield code="a">550.34:624</subfield></datafield><datafield ind1=" " ind2=" " tag="245"><subfield code="a">Inst.central de cercetare, proiectare si directivare in constructii. inst.de cercetari hidrotehnice. recomandari pantru proiectarea antiseismica.</subfield></datafield><datafield ind1=" " ind2=" " tag="260"><subfield code="a">Bucuresti, Inst.De Cercetari Hidrotehnice, 1977. P.Dif</subfield></datafield><datafield ind1=" " ind2=" " tag="852"><subfield code="a">48144</subfield></datafield></record></collection>